@book{borre2007software,
  title={A software-defined GPS and Galileo receiver: a single-frequency approach},
  author={Borre, Kai and Akos, Dennis M and Bertelsen, Nicolaj and Rinder, Peter and Jensen, S{\o}ren Holdt},
  year={2007},
  publisher={Springer Science \& Business Media}
}

@book{proakis1996digital,
  title={Digital signal processing: principles, algorithms, and application-3/E.},
  author={Proakis, John G},
  year={1996}
}

@book{diniz2010digital,
  title={Digital signal processing: system analysis and design},
  author={Diniz, Paulo SR and Da Silva, Eduardo AB and Netto, Sergio L},
  year={2010},
  publisher={Cambridge University Press}
}

@book{hippenstiel2010detection,
  title={Detection theory: applications and digital signal processing},
  author={Hippenstiel, Ralph D},
  year={2010},
  publisher={CRC Press}
}

@book{manolakis2005statistical,
  title={Statistical and adaptive signal processing: spectral estimation, signal modeling, adaptive filtering, and array processing},
  author={Manolakis, Dimitris G and Ingle, Vinay K and Kogon, Stephen M},
  volume={46},
  year={2005},
  publisher={Artech House Norwood}
}

@book{oppenheim2000tratamiento,
  title={Tratamiento de se{\~n}ales en tiempo discreto},
  author={Oppenheim, Alan V and Schafer, Ronald W and Buck, John R and Garc{\'\i}a, Javier Portillo},
  volume={2},
  year={2000},
  publisher={Prentice Hall M{\'e}xico}
}

